@book{陈莉君2006Linux,
  title={Linux操作系统原理与应用——高等学校教材·计算机科学与技术},
  author={陈莉君 and 康华},
  publisher={Linux操作系统原理与应用——高等学校教材·计算机科学与技术},
  year={2006},
}
@article{俞木发2016同步／备份不闹心,
  title={同步／备份不闹心 用好OneDrive},
  author={俞木发},
  journal={电脑爱好者},
  number={18},
  pages={1},
  year={2016},
}