@article{robbins1951stochastic,
  title={A Stochastic Approximation Method},
  author={Robbins, Herbert and Monro, Sutton},
  journal={The Annals of Mathematical Statistics},
  volume={22},
  number={3},
  pages={400--407},
  year={1951},
  publisher={Institute of Mathematical Statistics}
}

@book{Tao2016AnalysisI,
  author    = {Terence Tao},
  title     = {Analysis I},
  year      = {2016},
  edition   = {4th},
  publisher = {Hindustan Book Agency},
  series    = {Texts and Readings in Mathematics},
  volume    = {37},
  isbn      = {978-93-80250-82-3},
  url       = {https://terrytao.wordpress.com/books/analysis-i/}
}

@book{Strang2016LinearAlgebra,
  author    = {Gilbert Strang},
  title     = {Introduction to Linear Algebra},
  edition   = {5th},
  year      = {2016},
  publisher = {Wellesley-Cambridge Press},
  isbn      = {978-0980232776},
  url       = {https://math.mit.edu/~gs/linearalgebra/}
}