@article{robbins1951stochastic,
  title={A Stochastic Approximation Method},
  author={Robbins, Herbert and Monro, Sutton},
  journal={The Annals of Mathematical Statistics},
  volume={22},
  number={3},
  pages={400--407},
  year={1951},
  publisher={Institute of Mathematical Statistics}
}